@article{he2020advances,
  title={Advances in Multimodal Emotion Recognition Based on Brain–Computer Interfaces},
  author={He, Z. and Li, Z. and Yang, F. and Wang, L. and Li, J. and Zhou, C. and Pan, J.},
  journal={Brain Sciences},
  volume={10},
  number={10},
  pages={687},
  year={2020},
  publisher={MDPI},
  doi={10.3390/brainsci10100687}
}

@article{nweke2019survey,
  title={A Survey of Deep Learning-Based Multimodal Emotion Recognition: Speech, Text, and Face},
  author={Nweke, H. F. and Teh, Y. W. and Al-garadi, M. A. and Alo, U. R.},
  journal={IEEE Transactions on Affective Computing},
  volume={12},
  number={2},
  pages={224-244},
  year={2019},
  doi={10.1109/TAFFC.2019.2949296}
}

@article{shu2018review,
  title={A Review of Emotion Recognition Using Physiological Signals},
  author={Shu, L. and Yu, Y. and Chen, W. and Hua, H. and Li, Q. and Jin, J. and Xu, X.},
  journal={Sensors},
  volume={18},
  number={7},
  pages={2074},
  year={2018},
  publisher={MDPI},
  doi={10.3390/s18072074}
}

@article{kairouz2019enhancing,
  title={Enhancing Emotion Recognition through Federated Learning: A Multimodal Approach with Convolutional Neural Networks},
  author={Kairouz, P. and McMahan, H. B. and Avent, B. and Bellet, A. and Bennis, M. and Bhagoji, A. N. and Zhao, S.},
  journal={arXiv preprint arXiv:1912.04977},
  year={2019}
}

@article{dzedzickis2020emotion,
  title={Emotion recognition with EEG‐based brain‐computer interfaces: a systematic literature review},
  author={Dzedzickis, A. and Kaklauskas, A. and Bucinskas, V.},
  journal={Sensors},
  volume={20},
  number={20},
  pages={5923},
  year={2020},
  publisher={MDPI},
  doi={10.3390/s20205923}
}

@article{liu2018probing,
  title={Probing fMRI brain connectivity and activity changes during emotion regulation by EEG neurofeedback},
  author={Liu, Y. and Sourina, O. and Nguyen, M. K. and Pavlov, N.},
  journal={IEEE Transactions on Neural Systems and Rehabilitation Engineering},
  volume={26},
  number={11},
  pages={2203-2213},
  year={2018},
  doi={10.1109/TNSRE.2018.2869654}
}

@article{zhao2021heart,
  title={Heart-brain connections: phenotypic and genetic insights from 40,000 cardiac and brain magnetic resonance images},
  author={Zhao, S. and Bhattacharyya, P. and Merkey, S. and Xu, L. and Peltzer, B. and Zhang, J. and Liu, C.},
  journal={Nature Communications},
  volume={12},
  number={1},
  pages={1-11},
  year={2021},
  doi={10.1038/s41467-021-21726-w}
}

@article{partala2003pupil,
  title={Pupil size variation as an indication of affective processing},
  author={Partala, T. and Surakka, V.},
  journal={International Journal of Human-Computer Studies},
  volume={59},
  number={1-2},
  pages={185-198},
  year={2003},
  doi={10.1016/S1071-5819(03)00017-X}
}

@article{kunz2019faces,
  title={The Faces of Pain: A Cluster Analysis of Individual Differences in Facial Activity Patterns of Pain},
  author={Kunz, M. and Peter, J. and Lautenbacher, S.},
  journal={Emotion},
  volume={19},
  number={8},
  pages={1462-1473},
  year={2019},
  doi={10.1037/emo0000535}
}

@article{zhao2019deep,
  title={Deep Learning for Emotion Recognition in Video Games: A Review},
  author={Zhao, X. and Zhang, Y. and Wang, Z.},
  journal={IEEE Access},
  volume={7},
  pages={103978-103995},
  year={2019},
  doi={10.1109/ACCESS.2019.2932048}
}

@article{ravaja2006phasic,
  title={Phasic emotional reactions to video game events: A psychophysiological investigation},
  author={Ravaja, N. and Saari, T. and Salminen, M. and Laarni, J. and Kallinen, K.},
  journal={Media Psychology},
  volume={8},
  number={4},
  pages={343-367},
  year={2006},
  doi={10.1207/s1532785xmep0804_2}
}

@article{mandryk2007fuzzy,
  title={A fuzzy physiological approach for continuously modeling emotion during interaction with play technologies},
  author={Mandryk, R. L. and Atkins, M. S.},
  journal={International Journal of Human-Computer Studies},
  volume={65},
  number={4},
  pages={329-347},
  year={2007},
  doi={10.1016/j.ijhcs.2006.11.011}
}

@article{cowley2008toward,
  title={Toward an understanding of flow in video games},
  author={Cowley, B. and Charles, D. and Black, M. and Hickey, R.},
  journal={Computers in Entertainment (CIE)},
  volume={6},
  number={2},
  pages={1-27},
  year={2008},
  doi={10.1145/1371216.1371223}
}

@article{fairclough2009fundamentals,
  title={Fundamentals of physiological computing},
  author={Fairclough, S. H.},
  journal={Interacting with Computers},
  volume={21},
  number={1-2},
  pages={133-145},
  year={2009},
  doi={10.1016/j.intcom.2008.10.011}
}

@article{bashivan2016learning,
  title={Learning Representations from EEG with Deep Recurrent-Convolutional Neural Networks},
  author={Bashivan, P. and Rish, I. and Yeasin, M. and Codella, N.},
  journal={arXiv preprint arXiv:1511.06448},
  year={2016}
}

@article{koelstra2012deap,
  title={DEAP: A Database for Emotion Analysis Using Physiological Signals},
  author={Koelstra, S. and Muhl, C. and Soleymani, M. and Lee, J. S. and Yazdani, A. and Ebrahimi, T. and Patras, I.},
  journal={IEEE Transactions on Affective Computing},
  volume={3},
  number={1},
  pages={18-31},
  year={2012},
  doi={10.1109/T-AFFC.2011.15}
}

@article{li2019multi,
  title={Multi-site fMRI analysis using privacy-preserving federated learning and domain adaptation: ABIDE results},
  author={Li, X. and Gu, Y. and Dvornek, N. C. and Staib, L. H. and Ventola, P. and Duncan, J. S.},
  journal={Medical Image Analysis},
  volume={65},
  pages={101765},
  year={2019},
  doi={10.1016/j.media.2020.101765}
}

@article{wager2009brain,
  title={Brain mediators of cardiovascular responses to social threat: Part II: Prefrontal-subcortical pathways and relationship with anxiety},
  author={Wager, T. D. and van Ast, V. A. and Hughes, B. L. and Davidson, M. L. and Lindquist, M. A. and Ochsner, K. N.},
  journal={NeuroImage},
  volume={47},
  number={3},
  pages={836-851},
  year={2009},
  doi={10.1016/j.neuroimage.2009.05.044}
}
